@article{shah2004comparative,
  title={Comparative study on cultivation and yield performance of oyster mushroom (Pleurotus ostreatus) on different substrates (wheat straw, leaves, saw dust)},
  author={Shah, ZA and Ashraf, M and Ishtiaq, M},
  journal={Pakistan Journal of {N}utrition},
  volume={3},
  number={3},
  pages={158--160},
  year={2004},
  publisher={Asian Network for Scientific Information}
}

@article{bhatti2007growth,
  title={Growth, development and yield of oyster mushroom, Pleurotus ostreatus (Jacq. Ex. Fr.) Kummer as affected by different spawn rates},
  author={Bhatti, MI and Jiskani, MM and Wagan, KH and Pathan, MA and Magsi, MR},
  journal={Pak. J. Bot},
  volume={39},
  number={7},
  pages={2685--2692},
  year={2007}
}

@article{chang1981cultivation,
  title={The cultivation and nutritional value of Pleurotus sajor-caju},
  author={Chang, ST and Lau, OW and Cho, KY},
  journal={European journal of applied microbiology and biotechnology},
  volume={12},
  number={1},
  pages={58--62},
  year={1981},
  publisher={Springer}
}

@article{ponmurugan2007effect,
  title={Effect of various substrates on the growth and quality of mushrooms},
  author={Ponmurugan, P and Sekhar, Y Nataraja and Sreesakthi, TR},
  journal={Pakistan Journal of Biological Sciences},
  volume={10},
  number={1},
  pages={171--173},
  year={2007}
}

@article{khanna1982utilization,
  title={Utilization of paddy straw for cultivation of Pleurotus species},
  author={Khanna, P and Garcha, HS},
  journal={Mushroom Newsl. Trop},
  volume={2},
  number={1},
  pages={5--9},
  year={1982}
}

@article{nunez2002submerged,
  title={Submerged fermentation of lignocellulosic wastes under moderate temperature conditions for oyster mushroom growing substrates},
  author={N{\'u}{\~n}ez, J Pardo and Mendoza, C Garc{\'\i}a},
  journal={Mushroom Biology and Mushroom Products},
  volume={5},
  pages={545--549},
  year={2002}
}

@article{contreras2004soaking,
  title={Soaking of substrate in alkaline water as a pretreatment for the cultivation of Pleurotus ostreatus},
  author={Contreras, EP and Sokolov, M and Mej{\'\i}a, G and S{\'a}nchez, JE},
  journal={The Journal of Horticultural Science and Biotechnology},
  volume={79},
  number={2},
  pages={234--240},
  year={2004},
  publisher={Taylor \& Francis}
}

@article{mandeel2005cultivation,
  title={Cultivation of oyster mushrooms (Pleurotus spp.) on various lignocellulosic wastes},
  author={Mandeel, QA and Al-Laith, AA and Mohamed, SA},
  journal={World Journal of Microbiology and Biotechnology},
  volume={21},
  number={4},
  pages={601--607},
  year={2005},
  publisher={Springer}
}

@article{jiskani1999brief,
  title={A brief outline \'The Fungi\' (cultivation of mushrooms)},
  author={Jiskani, MM},
  journal={Izhar Pub. Tandojam, Pakistan},
  volume={94},
  year={1999}
}

@article{warcup1951studies,
  title={Studies on the growth of basidiomycetes in soil},
  author={Warcup, JH},
  journal={Annals of Botany},
  volume={15},
  number={3},
  pages={305--318},
  year={1951},
  publisher={Oxford University Press}
}

@misc{fao2019crops,
  author = {{\firstsecond{FAO}{Food and Agriculture Organization of the United Nations}}},
  title = {Crops},
  howpublished = {Online},
  year = {2019},
  note = {data retrieved from FAOSTAT, 
          \url{http://www.fao.org/faostat/en/#data/QC}}
}

@article{kyung2004shelfcultivation,
  author = {Wha Choi, Kyung},
  year = {2004},
  month = {01},
  pages = {},
  title = {Shelf cultivation of oyster mushroom with emphasis on substrate fermentation},
  journal = {Mushroom Growers\' Handbook 1: Oyster Mushroom Cultivation MushWorld}
}

@article{fazaeli2006nutritive,
  title={Nutritive value index of treated wheat straw with Pleurotus fungi fed to sheep},
  author={Fazaeli, H and Azizi, A and Amile, M},
  journal={Pak. J. Biol. Sci},
  volume={9},
  number={13},
  pages={2444--2449},
  year={2006}
}

@article{sarnklong2010utilization,
  title={Utilization of rice straw and different treatments to improve its feed value for ruminants: a review},
  author={Sarnklong, C and Cone, JW and Pellikaan, W and Hendriks, WH},
  journal={Asian-Australasian Journal of Animal Sciences},
  volume={23},
  number={5},
  pages={680--692},
  year={2010},
  publisher={Asian-Australasian Association of Animal Production Societies}
}

@article{cohen2002,
   author = {Cohen, R and Persky, L and Hadar, Y},
   title = {Biotechnological applications and potential of wood-degrading mushrooms of the genus Pleurotus},
   journal = {Applied microbiology and biotechnology},
   volume = {58},
   number = {5},
   pages = {582-594},
   ISSN = {0175-7598},
   year = {2002},
   type = {Journal Article}
}

@article{hong1981,
   author = {Hong, Jae-Sik and Lee, Kap-Sang and Choi, Dong-Sung},
   title = {Studies on Basidiomycetes (I)-On the Mycelial Growth of Agaricus bitorquis and Pleurotus ostreatus},
   journal = {The Korean Journal of Mycology},
   volume = {9},
   number = {1},
   pages = {19-24},
   ISSN = {0253-651X},
   year = {1981},
   type = {Journal Article}
}

@article{khare2010,
   author = {Khare, KB and Mutuku, JM and Achwania, OS and Otaye, DO},
   title = {Production of two oyster mushrooms, Pleurotus sajor-caju and P. florida on supplemented and un-supplemented substrates},
   journal = {International Journal of Agriculture and Applied Sciences},
   volume = {6},
   pages = {4-11},
   year = {2010},
   type = {Journal Article}
}

@article{kong2004,
   author = {Kong, Won-Sik},
   title = {Descriptions of commercially important Pleurotus species},
   journal = {Oyster mushroom cultivation. Part II. Oyster mushrooms. Seoul: Heineart Incorporation},
   pages = {54-61},
   year = {2004},
   type = {Journal Article}
}

@article{lakhe2018,
   author = {Lakhe, Laxman and Ali, Md Farhat and Chaudhary, Jeet Narayan and Bhurer, Kailash Prasad and Lamichhane, Sushil and Khadka, Dinesh},
   title = {Soil Fertility Assessment and Mapping of Regional Agricultural Research Station, Parwanipur, Bara, Nepal},
   journal = {Journal of Nepal Agricultural Research Council},
   volume = {4},
   pages = {33-47},
   ISSN = {2392-4543
2392-4535},
   DOI = {10.3126/jnarc.v4i1.19688},
   year = {2018},
   type = {Journal Article}
}

@article{pointing2001,
   author = {Pointing, S},
   title = {Feasibility of bioremediation by white-rot fungi},
   journal = {Applied microbiology and biotechnology},
   volume = {57},
   number = {1-2},
   pages = {20-33},
   ISSN = {0175-7598},
   year = {2001},
   type = {Journal Article}
}

@article{poppe1995,
   author = {Poppe, J},
   title = {Cultivation of Edible mushrooms on tropical agricultural wastes},
   journal = {University of Gent, Gent},
   year = {1995},
   type = {Journal Article}
}

% couldn't get this citation work in natbib
@incollection{poppe2004agricultural,
  title={Agricultural wastes as substrates for oyster mushroom},
  author={Poppe, Joseph},
  booktitle={Mushroom Growers Handbook},
  pages={80--99},
  year={2004}
}

@phdthesis{reddy2001bioconversion,
  title={Bioconversion of banana waste into protein by two pleurotus species P ostreatus and P sajor caju biotechnological approach},
  author={Reddy, Gorla Venkateswara},
  year={2001},
  school={Sardar Patel University},
  address={Department of Bio Science},
  type={Thesis},
  note={\url{http://hdl.handle.net/10603/75860}}
}

@article{sanchez2010cultivation,
   author = {Sa{\'n}chez, Carmen},
   title = {Cultivation of Pleurotus ostreatus and other edible mushrooms},
   journal = {Applied microbiology and biotechnology},
   volume = {85},
   number = {5},
   pages = {1321-1337},
   ISSN = {0175-7598},
   year = {2010},
   type = {Journal Article}
}

@book{quimio1990technical,
  title={Technical guidelines for mushroom growing in the tropics.},
  author={Quimio, TH and Chang, Shu-ting and Royse, Daniel Joseph and others},
  year={1990}
}
